%YAML 1.1
%TAG !u! tag:unity3d.com,2011:
--- !u!1 &524224479203394014
GameObject:
  m_ObjectHideFlags: 0
  m_CorrespondingSourceObject: {fileID: 0}
  m_PrefabInstance: {fileID: 0}
  m_PrefabAsset: {fileID: 0}
  serializedVersion: 6
  m_Component:
  - component: {fileID: 524224479203394015}
  - component: {fileID: 524224479203394012}
  - component: {fileID: 524224479203394010}
  m_Layer: 0
  m_Name: GameControllerBody
  m_TagString: Untagged
  m_Icon: {fileID: 0}
  m_NavMeshLayer: 0
  m_StaticEditorFlags: 0
  m_IsActive: 1
--- !u!4 &524224479203394015
Transform:
  m_ObjectHideFlags: 0
  m_CorrespondingSourceObject: {fileID: 0}
  m_PrefabInstance: {fileID: 0}
  m_PrefabAsset: {fileID: 0}
  m_GameObject: {fileID: 524224479203394014}
  m_LocalRotation: {x: 0, y: 0, z: 0, w: 1}
  m_LocalPosition: {x: 0, y: 0, z: 0}
  m_LocalScale: {x: 1, y: 1, z: 1}
  m_Children:
  - {fileID: 320648749262834437}
  m_Father: {fileID: 0}
  m_RootOrder: 0
  m_LocalEulerAnglesHint: {x: 0, y: 0, z: 0}
--- !u!114 &524224479203394012
MonoBehaviour:
  m_ObjectHideFlags: 0
  m_CorrespondingSourceObject: {fileID: 0}
  m_PrefabInstance: {fileID: 0}
  m_PrefabAsset: {fileID: 0}
  m_GameObject: {fileID: 524224479203394014}
  m_Enabled: 1
  m_EditorHideFlags: 0
  m_Script: {fileID: 11500000, guid: 9f8a554ec17e7f846ad5f3ac7097804c, type: 3}
  m_Name: 
  m_EditorClassIdentifier: 
  spacebrewClientEvents: {fileID: 320648749262834433}
  pubNameMove: pubServerMove
  pubNameOrient: 
--- !u!114 &524224479203394010
MonoBehaviour:
  m_ObjectHideFlags: 0
  m_CorrespondingSourceObject: {fileID: 0}
  m_PrefabInstance: {fileID: 0}
  m_PrefabAsset: {fileID: 0}
  m_GameObject: {fileID: 524224479203394014}
  m_Enabled: 1
  m_EditorHideFlags: 0
  m_Script: {fileID: 11500000, guid: 2924940e47144164e8c93a750c907cc5, type: 3}
  m_Name: 
  m_EditorClassIdentifier: 
  messageManager: {fileID: 524224479203394012}
  timeInterval: 0.1
  bodyView: {fileID: 0}
--- !u!1001 &524224477582422800
PrefabInstance:
  m_ObjectHideFlags: 0
  serializedVersion: 2
  m_Modification:
    m_TransformParent: {fileID: 524224479203394015}
    m_Modifications:
    - target: {fileID: 231169245174659088, guid: 8e504e8fd2fa12b4995812e993586d18,
        type: 3}
      propertyPath: m_Name
      value: SpaceBrewServer
      objectReference: {fileID: 0}
    - target: {fileID: 231169245174659093, guid: 8e504e8fd2fa12b4995812e993586d18,
        type: 3}
      propertyPath: m_LocalPosition.x
      value: 0
      objectReference: {fileID: 0}
    - target: {fileID: 231169245174659093, guid: 8e504e8fd2fa12b4995812e993586d18,
        type: 3}
      propertyPath: m_LocalPosition.y
      value: 0
      objectReference: {fileID: 0}
    - target: {fileID: 231169245174659093, guid: 8e504e8fd2fa12b4995812e993586d18,
        type: 3}
      propertyPath: m_LocalPosition.z
      value: 0
      objectReference: {fileID: 0}
    - target: {fileID: 231169245174659093, guid: 8e504e8fd2fa12b4995812e993586d18,
        type: 3}
      propertyPath: m_LocalRotation.x
      value: -0
      objectReference: {fileID: 0}
    - target: {fileID: 231169245174659093, guid: 8e504e8fd2fa12b4995812e993586d18,
        type: 3}
      propertyPath: m_LocalRotation.y
      value: -0
      objectReference: {fileID: 0}
    - target: {fileID: 231169245174659093, guid: 8e504e8fd2fa12b4995812e993586d18,
        type: 3}
      propertyPath: m_LocalRotation.z
      value: -0
      objectReference: {fileID: 0}
    - target: {fileID: 231169245174659093, guid: 8e504e8fd2fa12b4995812e993586d18,
        type: 3}
      propertyPath: m_LocalRotation.w
      value: 1
      objectReference: {fileID: 0}
    - target: {fileID: 231169245174659093, guid: 8e504e8fd2fa12b4995812e993586d18,
        type: 3}
      propertyPath: m_RootOrder
      value: 0
      objectReference: {fileID: 0}
    - target: {fileID: 231169245174659093, guid: 8e504e8fd2fa12b4995812e993586d18,
        type: 3}
      propertyPath: m_LocalEulerAnglesHint.x
      value: 0
      objectReference: {fileID: 0}
    - target: {fileID: 231169245174659093, guid: 8e504e8fd2fa12b4995812e993586d18,
        type: 3}
      propertyPath: m_LocalEulerAnglesHint.y
      value: 0
      objectReference: {fileID: 0}
    - target: {fileID: 231169245174659093, guid: 8e504e8fd2fa12b4995812e993586d18,
        type: 3}
      propertyPath: m_LocalEulerAnglesHint.z
      value: 0
      objectReference: {fileID: 0}
    - target: {fileID: 231169245174659092, guid: 8e504e8fd2fa12b4995812e993586d18,
        type: 3}
      propertyPath: publishers.Array.size
      value: 2
      objectReference: {fileID: 0}
    - target: {fileID: 231169245174659092, guid: 8e504e8fd2fa12b4995812e993586d18,
        type: 3}
      propertyPath: subscribers.Array.size
      value: 2
      objectReference: {fileID: 0}
    - target: {fileID: 231169245174659092, guid: 8e504e8fd2fa12b4995812e993586d18,
        type: 3}
      propertyPath: messageTypes.Array.size
      value: 2
      objectReference: {fileID: 0}
    - target: {fileID: 231169245174659092, guid: 8e504e8fd2fa12b4995812e993586d18,
        type: 3}
      propertyPath: publishers.Array.data[0].name
      value: pubServerMove
      objectReference: {fileID: 0}
    - target: {fileID: 231169245174659092, guid: 8e504e8fd2fa12b4995812e993586d18,
        type: 3}
      propertyPath: publishers.Array.data[0].msgType
      value: MOVE
      objectReference: {fileID: 0}
    - target: {fileID: 231169245174659092, guid: 8e504e8fd2fa12b4995812e993586d18,
        type: 3}
      propertyPath: subscribers.Array.data[0].name
      value: subServerMove
      objectReference: {fileID: 0}
    - target: {fileID: 231169245174659092, guid: 8e504e8fd2fa12b4995812e993586d18,
        type: 3}
      propertyPath: subscribers.Array.data[0].msgType
      value: MOVE
      objectReference: {fileID: 0}
    - target: {fileID: 231169245174659092, guid: 8e504e8fd2fa12b4995812e993586d18,
        type: 3}
      propertyPath: publishers.Array.data[1].name
      value: pubServerOrient
      objectReference: {fileID: 0}
    - target: {fileID: 231169245174659092, guid: 8e504e8fd2fa12b4995812e993586d18,
        type: 3}
      propertyPath: publishers.Array.data[1].msgType
      value: ORIENT
      objectReference: {fileID: 0}
    - target: {fileID: 231169245174659092, guid: 8e504e8fd2fa12b4995812e993586d18,
        type: 3}
      propertyPath: subscribers.Array.data[1].name
      value: subServerOrient
      objectReference: {fileID: 0}
    - target: {fileID: 231169245174659092, guid: 8e504e8fd2fa12b4995812e993586d18,
        type: 3}
      propertyPath: subscribers.Array.data[1].msgType
      value: ORIENT
      objectReference: {fileID: 0}
    - target: {fileID: 231169245174659092, guid: 8e504e8fd2fa12b4995812e993586d18,
        type: 3}
      propertyPath: messageTypes.Array.data[0]
      value: MOVE
      objectReference: {fileID: 0}
    - target: {fileID: 231169245174659092, guid: 8e504e8fd2fa12b4995812e993586d18,
        type: 3}
      propertyPath: messageTypes.Array.data[1]
      value: ORIENT
      objectReference: {fileID: 0}
    - target: {fileID: 231169245174659092, guid: 8e504e8fd2fa12b4995812e993586d18,
        type: 3}
      propertyPath: publishers.Array.data[1].pubType
      value: 1
      objectReference: {fileID: 0}
    - target: {fileID: 231169245174659092, guid: 8e504e8fd2fa12b4995812e993586d18,
        type: 3}
      propertyPath: subscribers.Array.data[1].subType
      value: 1
      objectReference: {fileID: 0}
    m_RemovedComponents: []
  m_SourcePrefab: {fileID: 100100000, guid: 8e504e8fd2fa12b4995812e993586d18, type: 3}
--- !u!4 &320648749262834437 stripped
Transform:
  m_CorrespondingSourceObject: {fileID: 231169245174659093, guid: 8e504e8fd2fa12b4995812e993586d18,
    type: 3}
  m_PrefabInstance: {fileID: 524224477582422800}
  m_PrefabAsset: {fileID: 0}
--- !u!114 &320648749262834433 stripped
MonoBehaviour:
  m_CorrespondingSourceObject: {fileID: 231169245174659089, guid: 8e504e8fd2fa12b4995812e993586d18,
    type: 3}
  m_PrefabInstance: {fileID: 524224477582422800}
  m_PrefabAsset: {fileID: 0}
  m_GameObject: {fileID: 0}
  m_Enabled: 1
  m_EditorHideFlags: 0
  m_Script: {fileID: 11500000, guid: 549dd434e38709a48b85b26fbf0c7653, type: 3}
  m_Name: 
  m_EditorClassIdentifier: 
