%YAML 1.1
%TAG !u! tag:unity3d.com,2011:
--- !u!1 &7021799017624194516
GameObject:
  m_ObjectHideFlags: 0
  m_CorrespondingSourceObject: {fileID: 0}
  m_PrefabInstance: {fileID: 0}
  m_PrefabAsset: {fileID: 0}
  serializedVersion: 6
  m_Component:
  - component: {fileID: 7021799017624194517}
  - component: {fileID: 7021799017624194518}
  - component: {fileID: 2444332000144761372}
  - component: {fileID: 7021799017624194514}
  m_Layer: 0
  m_Name: GameControllerRAD
  m_TagString: Untagged
  m_Icon: {fileID: 0}
  m_NavMeshLayer: 0
  m_StaticEditorFlags: 0
  m_IsActive: 1
--- !u!4 &7021799017624194517
Transform:
  m_ObjectHideFlags: 0
  m_CorrespondingSourceObject: {fileID: 0}
  m_PrefabInstance: {fileID: 0}
  m_PrefabAsset: {fileID: 0}
  m_GameObject: {fileID: 7021799017624194516}
  m_LocalRotation: {x: 0, y: 0, z: 0, w: 1}
  m_LocalPosition: {x: 0, y: 0, z: 0}
  m_LocalScale: {x: 1, y: 1, z: 1}
  m_Children:
  - {fileID: 7081688538809026319}
  m_Father: {fileID: 0}
  m_RootOrder: 0
  m_LocalEulerAnglesHint: {x: 0, y: 0, z: 0}
--- !u!114 &7021799017624194518
MonoBehaviour:
  m_ObjectHideFlags: 0
  m_CorrespondingSourceObject: {fileID: 0}
  m_PrefabInstance: {fileID: 0}
  m_PrefabAsset: {fileID: 0}
  m_GameObject: {fileID: 7021799017624194516}
  m_Enabled: 1
  m_EditorHideFlags: 0
  m_Script: {fileID: 11500000, guid: 9f8a554ec17e7f846ad5f3ac7097804c, type: 3}
  m_Name: 
  m_EditorClassIdentifier: 
  spacebrewClientEvents: {fileID: 7081688538809026315}
  pubNameMove: pubServerMove
  pubNameOrient: 
--- !u!114 &2444332000144761372
MonoBehaviour:
  m_ObjectHideFlags: 0
  m_CorrespondingSourceObject: {fileID: 0}
  m_PrefabInstance: {fileID: 0}
  m_PrefabAsset: {fileID: 0}
  m_GameObject: {fileID: 7021799017624194516}
  m_Enabled: 1
  m_EditorHideFlags: 0
  m_Script: {fileID: 11500000, guid: 33ef4b3dd0be3f84e89c2c77be82a28f, type: 3}
  m_Name: 
  m_EditorClassIdentifier: 
  levelManager: {fileID: 0}
--- !u!114 &7021799017624194514
MonoBehaviour:
  m_ObjectHideFlags: 0
  m_CorrespondingSourceObject: {fileID: 0}
  m_PrefabInstance: {fileID: 0}
  m_PrefabAsset: {fileID: 0}
  m_GameObject: {fileID: 7021799017624194516}
  m_Enabled: 1
  m_EditorHideFlags: 0
  m_Script: {fileID: 11500000, guid: 664e53659e8628946a82d2fb94acdf8f, type: 3}
  m_Name: 
  m_EditorClassIdentifier: 
  head: {fileID: 0}
  handLeft: {fileID: 0}
  handRight: {fileID: 0}
  ball: {fileID: 0}
  messageManager: {fileID: 7021799017624194518}
  timeInterval: 0.1
--- !u!1001 &7021799015986216730
PrefabInstance:
  m_ObjectHideFlags: 0
  serializedVersion: 2
  m_Modification:
    m_TransformParent: {fileID: 7021799017624194517}
    m_Modifications:
    - target: {fileID: 231169245174659088, guid: 8e504e8fd2fa12b4995812e993586d18,
        type: 3}
      propertyPath: m_Name
      value: SpaceBrewServer
      objectReference: {fileID: 0}
    - target: {fileID: 231169245174659093, guid: 8e504e8fd2fa12b4995812e993586d18,
        type: 3}
      propertyPath: m_LocalPosition.x
      value: 0
      objectReference: {fileID: 0}
    - target: {fileID: 231169245174659093, guid: 8e504e8fd2fa12b4995812e993586d18,
        type: 3}
      propertyPath: m_LocalPosition.y
      value: 0
      objectReference: {fileID: 0}
    - target: {fileID: 231169245174659093, guid: 8e504e8fd2fa12b4995812e993586d18,
        type: 3}
      propertyPath: m_LocalPosition.z
      value: 0
      objectReference: {fileID: 0}
    - target: {fileID: 231169245174659093, guid: 8e504e8fd2fa12b4995812e993586d18,
        type: 3}
      propertyPath: m_LocalRotation.x
      value: -0
      objectReference: {fileID: 0}
    - target: {fileID: 231169245174659093, guid: 8e504e8fd2fa12b4995812e993586d18,
        type: 3}
      propertyPath: m_LocalRotation.y
      value: -0
      objectReference: {fileID: 0}
    - target: {fileID: 231169245174659093, guid: 8e504e8fd2fa12b4995812e993586d18,
        type: 3}
      propertyPath: m_LocalRotation.z
      value: -0
      objectReference: {fileID: 0}
    - target: {fileID: 231169245174659093, guid: 8e504e8fd2fa12b4995812e993586d18,
        type: 3}
      propertyPath: m_LocalRotation.w
      value: 1
      objectReference: {fileID: 0}
    - target: {fileID: 231169245174659093, guid: 8e504e8fd2fa12b4995812e993586d18,
        type: 3}
      propertyPath: m_RootOrder
      value: 0
      objectReference: {fileID: 0}
    - target: {fileID: 231169245174659093, guid: 8e504e8fd2fa12b4995812e993586d18,
        type: 3}
      propertyPath: m_LocalEulerAnglesHint.x
      value: 0
      objectReference: {fileID: 0}
    - target: {fileID: 231169245174659093, guid: 8e504e8fd2fa12b4995812e993586d18,
        type: 3}
      propertyPath: m_LocalEulerAnglesHint.y
      value: 0
      objectReference: {fileID: 0}
    - target: {fileID: 231169245174659093, guid: 8e504e8fd2fa12b4995812e993586d18,
        type: 3}
      propertyPath: m_LocalEulerAnglesHint.z
      value: 0
      objectReference: {fileID: 0}
    - target: {fileID: 231169245174659092, guid: 8e504e8fd2fa12b4995812e993586d18,
        type: 3}
      propertyPath: publishers.Array.size
      value: 1
      objectReference: {fileID: 0}
    - target: {fileID: 231169245174659092, guid: 8e504e8fd2fa12b4995812e993586d18,
        type: 3}
      propertyPath: subscribers.Array.size
      value: 1
      objectReference: {fileID: 0}
    - target: {fileID: 231169245174659092, guid: 8e504e8fd2fa12b4995812e993586d18,
        type: 3}
      propertyPath: messageTypes.Array.size
      value: 2
      objectReference: {fileID: 0}
    - target: {fileID: 231169245174659092, guid: 8e504e8fd2fa12b4995812e993586d18,
        type: 3}
      propertyPath: publishers.Array.data[0].name
      value: pubServerMove
      objectReference: {fileID: 0}
    - target: {fileID: 231169245174659092, guid: 8e504e8fd2fa12b4995812e993586d18,
        type: 3}
      propertyPath: publishers.Array.data[0].msgType
      value: MOVE
      objectReference: {fileID: 0}
    - target: {fileID: 231169245174659092, guid: 8e504e8fd2fa12b4995812e993586d18,
        type: 3}
      propertyPath: subscribers.Array.data[0].name
      value: subServerMove
      objectReference: {fileID: 0}
    - target: {fileID: 231169245174659092, guid: 8e504e8fd2fa12b4995812e993586d18,
        type: 3}
      propertyPath: subscribers.Array.data[0].msgType
      value: MOVE
      objectReference: {fileID: 0}
    - target: {fileID: 231169245174659092, guid: 8e504e8fd2fa12b4995812e993586d18,
        type: 3}
      propertyPath: publishers.Array.data[1].name
      value: pubServerOrient
      objectReference: {fileID: 0}
    - target: {fileID: 231169245174659092, guid: 8e504e8fd2fa12b4995812e993586d18,
        type: 3}
      propertyPath: publishers.Array.data[1].msgType
      value: ORIENT
      objectReference: {fileID: 0}
    - target: {fileID: 231169245174659092, guid: 8e504e8fd2fa12b4995812e993586d18,
        type: 3}
      propertyPath: subscribers.Array.data[1].name
      value: subServerOrient
      objectReference: {fileID: 0}
    - target: {fileID: 231169245174659092, guid: 8e504e8fd2fa12b4995812e993586d18,
        type: 3}
      propertyPath: subscribers.Array.data[1].msgType
      value: ORIENT
      objectReference: {fileID: 0}
    - target: {fileID: 231169245174659092, guid: 8e504e8fd2fa12b4995812e993586d18,
        type: 3}
      propertyPath: messageTypes.Array.data[0]
      value: MOVE
      objectReference: {fileID: 0}
    - target: {fileID: 231169245174659092, guid: 8e504e8fd2fa12b4995812e993586d18,
        type: 3}
      propertyPath: messageTypes.Array.data[1]
      value: ORIENT
      objectReference: {fileID: 0}
    - target: {fileID: 231169245174659092, guid: 8e504e8fd2fa12b4995812e993586d18,
        type: 3}
      propertyPath: publishers.Array.data[1].pubType
      value: 1
      objectReference: {fileID: 0}
    - target: {fileID: 231169245174659092, guid: 8e504e8fd2fa12b4995812e993586d18,
        type: 3}
      propertyPath: subscribers.Array.data[1].subType
      value: 1
      objectReference: {fileID: 0}
    m_RemovedComponents: []
  m_SourcePrefab: {fileID: 100100000, guid: 8e504e8fd2fa12b4995812e993586d18, type: 3}
--- !u!4 &7081688538809026319 stripped
Transform:
  m_CorrespondingSourceObject: {fileID: 231169245174659093, guid: 8e504e8fd2fa12b4995812e993586d18,
    type: 3}
  m_PrefabInstance: {fileID: 7021799015986216730}
  m_PrefabAsset: {fileID: 0}
--- !u!114 &7081688538809026315 stripped
MonoBehaviour:
  m_CorrespondingSourceObject: {fileID: 231169245174659089, guid: 8e504e8fd2fa12b4995812e993586d18,
    type: 3}
  m_PrefabInstance: {fileID: 7021799015986216730}
  m_PrefabAsset: {fileID: 0}
  m_GameObject: {fileID: 0}
  m_Enabled: 1
  m_EditorHideFlags: 0
  m_Script: {fileID: 11500000, guid: 549dd434e38709a48b85b26fbf0c7653, type: 3}
  m_Name: 
  m_EditorClassIdentifier: 
